<record><leader>00000cas a22000007a 4500</leader><controlfield tag="001">35369808</controlfield><controlfield tag="008">960905d191u19uuokuwr n       0    0eng d</controlfield><datafield ind1=" " ind2=" " tag="010"><subfield code="a">sn 96093947 </subfield></datafield><datafield ind1=" " ind2=" " tag="040"><subfield code="a">OBN</subfield><subfield code="b">eng</subfield><subfield code="c">OBN</subfield><subfield code="d">OCLCQ</subfield><subfield code="d">OCLCO</subfield></datafield><datafield ind1="1" ind2=" " tag="029"><subfield code="a">AU@</subfield><subfield code="b">000012845425</subfield></datafield><datafield ind1=" " ind2=" " tag="042"><subfield code="a">msc</subfield></datafield><datafield ind1=" " ind2=" " tag="043"><subfield code="a">n-us-ok</subfield></datafield><datafield ind1="0" ind2="4" tag="245"><subfield code="a">The Adair American.</subfield></datafield><datafield ind1=" " ind2=" " tag="260"><subfield code="a">Adair, Mayes County, Adair, Okla. :</subfield><subfield code="b">J.C. Brown</subfield></datafield><datafield ind1=" " ind2=" " tag="300"><subfield code="a">v.</subfield></datafield><datafield ind1=" " ind2=" " tag="310"><subfield code="a">Weekly</subfield></datafield><datafield ind1="0" ind2=" " tag="362"><subfield code="a">-v. 8, no. 39 (Feb. 5, 1914); v. 1, no. 40 (Feb. 12, 1914)-</subfield></datafield><datafield ind1=" " ind2=" " tag="588"><subfield code="a">Description based on: Vol. 8, no. 31 (Jan. 15, 1914).</subfield></datafield><datafield ind1=" " ind2="0" tag="651"><subfield code="a">Adair (Okla.)</subfield><subfield code="v">Newspapers.</subfield></datafield><datafield ind1=" " ind2="0" tag="651"><subfield code="a">Mayes County (Okla.)</subfield><subfield code="v">Newspapers.</subfield></datafield><datafield ind1=" " ind2=" " tag="752"><subfield code="a">United States</subfield><subfield code="b">Oklahoma</subfield><subfield code="c">Mayes</subfield><subfield code="d">Adair.</subfield></datafield><datafield ind1="0" ind2="0" tag="780"><subfield code="t">Adair weekly ledger</subfield><subfield code="w">(DLC)sn 96093946</subfield><subfield code="w">(OCoLC)35369744</subfield></datafield></record>